@article{cb2013,
title = {{On the design of discontinuous Galerkin methods for elliptic problems based on hybrid formulations}},
journal = "Computer Methods in Applied Mechanics and Engineering ",
volume = "263",
number = "0",
pages = "158 - 168",
year = "2013",
note = "",
author = "Codina, R. and Badia, S.",
keywords = "Discontinuous Galerkin",
keywords = "Elliptic problems",
keywords = "Hybrid formulations",
keywords = "Stabilized finite element methods "
}

@article{cockburn2003,
author = {Cockburn, B.},
journal = {{AMS}},
keywords = {discontinuous Galerkin methods,finite element methods},
pages = {1--25},
title = {{Discontinuous Galerkin Methods}},
year = {2003}
}

@article{cockburn2001,
author = {Cockburn, B.},
doi = {10.1016/S0377-0427(00)00512-4},
issn = {03770427},
journal = {{Journal of Computational and Applied Mathematics}},
keywords = {conservation laws,discontinuous galerkin methods,hyperbolic problems},
number = {1-2},
pages = {187--204},
title = {{Devising discontinuous Galerkin methods for non-linear hyperbolic conservation laws}},
volume = {128},
year = {2001}
}


@article{lbgj2012,
title = {{Adaptive high-order Discontinuous Galerkin solution of elastohydrodynamic lubrication point contact problems}},
journal = "Advances in Engineering Software",
volume = "45",
number = "1",
pages = "313 - 324",
year = "2012",
note = "",
author = "Li, H. and Berzins, M. and Goodyer, C. and Jimack, P."
}

@article{abcm2002,
 author = "Arnold, D. and Brezzi, F. and Cockburn, B. and Marini, L.",
 title = {{Unified Analysis of Discontinuous Galerkin Methods for Elliptic Problems}},
 journal = {{SIAM J. Numer. Anal.}},
 volume = "39",
 number = "5",
 year = "2001",
 pages = "1749--1779",
 numpages = "31",
 publisher = "Society for Industrial and Applied Mathematics",
 address = "Philadelphia, PA, USA",
 keywords = "discontinuous Galerkin, elliptic problems, interior penalty"
}

@article{lb2008,
 author = "Lew, A. and Buscaglia, G.",
 title = {{A discontinuous-Galerkin-based immersed boundary method}},
 journal = "International Journal for Numerical Methods in Engineering",
 volume = "4",
 number = "76",
 year = "2008",
 pages = "427--454"
} 

@article{rlb2009,
title = {{A discontinuous-Galerkin-based immersed boundary method with non-homogeneous boundary conditions and its application to elasticity}},
journal = "Computer Methods in Applied Mechanics and Engineering ",
volume = "198",
number = "17â€“20",
pages = "1513 - 1534",
year = "2009",
note = "",
author = "Rangarajan, R. and Lew, A. and Buscaglia, G.",
keywords = "Immersed boundary methods",
keywords = "Elasticity",
keywords = "Non-homogeneous boundary conditions",
keywords = "Discontinuous Galerkin "
}

@article{zba2000,
title = {{A posteriori error estimation for the one-dimensional arbitrarily high-order transport-nodal method}},
journal = "Annals of Nuclear Energy ",
volume = "27",
number = "4",
pages = "355 - 369",
year = "2000",
note = "",
author = "Zamonsky, O. and Buscaglia, G. and Azmy, Y."
}