@article{mezghani2012,
author = {Mezghani, S. and Demirci, I. and Zahouani, H. and {El Mansori}, M.},
doi = {10.1016/j.precisioneng.2011.09.008},
file = {:home/ajaramillo/.local/share/data/Mendeley Ltd./Mendeley Desktop/Downloaded/Mezghani et al. - 2012 - The effect of groove texture patterns on piston-ring pack friction.pdf:pdf},
issn = {01416359},
journal = {{Precision Engineering}},
month = apr,
number = {2},
pages = {210--217},
publisher = {Elsevier Inc.},
title = {{The effect of groove texture patterns on piston-ring pack friction}},
url = {http://linkinghub.elsevier.com/retrieve/pii/S0141635911001425},
volume = {36},
year = {2012}
}
 
