@comment{x-kbibtex-personnameformatting=<\%l><, \%f>}

@string{ijnme = {{International Journal for Numerical Methods in Engineering}}}

@string{jnm = {{Journal of Numerical Methods}}}

@string{jcam = {{Journal of Computational and Applied mathematics}}}

@string{ASMEjt = {{ASME J. Tribol.}}}

@string{TrA = {{Transactions of the ASME}}}

@string{TrCh = {{Tran. Chalmers University of Technology}}}

@string{LEEDS = {{1st LEEDS LYON Symposium on Cavitation and Related Phenomena in Lubrication, I.M.E.}}}

@string{AMO = {{Appl. Math. Opt.}}}

@string{IJENSC = {{Int. J. Engr. Sci}}}

@string{prwtc = {{Proceedings of the World Tribology Congress III}}}

@string{prsandmo = {{Proceedings of the 6th World Congresses of Structural and Multidisciplinary Optimization, Rio de Janeiro}}}

@string{UMI = {{Boll. U.M.I.}}}

@string{MACO = {{Journal Math. Comp.}}}

@string{QAPM = {{Quart. Applied Math.}}}

@string{JOUFR = {{Journal de m{\'e}canique th{\'e}orique et appliqu{\'e}}}}

@string{JlubT = {{Journal of Lubrication Technology, Trans. ASME}}}

@string{OLD = {{Proc, Int. Mech. Eng}}}

@string{TRIBLETT = {{Tribol. Lett.}}}

@string{TRIBT = {{Tribol. T.}}}

@string{TRIBINT = {{Tribol. Int.}}}

@string{ProInsMecTri = {{Proc. Inst. Mech. Eng. J. J. Eng. Tribol.}}}

\%--- Abbreviations --------------------------------------------------------------------------------
\%-------------------------------------------------------------------------------
@article{greenwood1970,
author = {Greenwood, J. A. and Tripp, J. H.}, 
title = {{The Contact of Two Nominally Flat Rough Surfaces}},
volume = {185}, 
number = {1}, 
pages = {625-633}, 
year = {1970}, 
doi = {10.1243/PIME_PROC_1970_185_069_02}, 
abstract ={Most models of surface contact consider the surface roughness to be on one of the contacting surfaces only. The authors give a general theory of contact between two rough plane surfaces. They show that the important results of the previous models are unaffected: in particular, the load and the area of contact remain almost proportional, independently of the detailed mechanical and geometrical properties of the asperities. Further, a single-rough-surface model can always be found which will predict the same laws as a given two-rough-surface model, although the required model may be unrealistic. It does not seem possible to deduce the asperity shape or deformation mode from the load-compliance curve.}, 
URL = {http://pme.sagepub.com/content/185/1/625.abstract}, 
eprint = {http://pme.sagepub.com/content/185/1/625.full.pdf+html}, 
journal = {{Proceedings of the {I}nstitution of {M}echanical {E}ngineers}} 

}


@article{gherca2014,
author = {Gherca, A. and Fatu, A. and Hajjam, M. and Maspeyrot, P.},
doi = {10.1177/1350650114546432},
issn = {1350-6501},
journal = ProInsMecTri,
keywords = {16 july 2014,4 december 2013,accepted,cavitation,date received,hydrodynamic lubrication,load-carrying capacity,surface texturing,transient flow},
month = jul,
title = {{Effects of surface texturing in steady-state and transient flow conditions: Two-dimensional numerical simulation using a mass-conserving cavitation model}},
url = {http://pij.sagepub.com/lookup/doi/10.1177/1350650114546432},
year = {2014}
}


@article{etsionletter2011,
author = {Etsion, I.},
title = {{Letter to the Editor: Discussion of the paper: Micro CNC surface texturing on polyoxymethylene (POM) and its tribological performance in lubricated sliding (M.H. Cho and Sangil Park, Tribology International 44 (2011) 859–867)}},
journal = TRIBINT,
year = "2011"
}

@article{hamilton1966,
author = "Hamilton, D. B. and Walowit, J. A. and Allen, C. M.",
title = {{A Theory of Lubrication by Microirregularities}},
journal = {{Transactions of the American Society of Mechanical Engineers, J. Basic Eng.}},
year = "1966",
pages = "177-185"
}

@article{etsion1999,
author = {Etsion, I. and Kligerman, Y. and Halperin, G.},
title = {{Analytical and Experimental Investigation of Laser-Textured Mechanical Seal Faces}},
journal = TRIBT,
volume = {42},
number = {3},
pages = {511-516},
year = {1999},
doi = {10.1080/10402009908982248},

URL = {http://www.tandfonline.com/doi/abs/10.1080/10402009908982248},
eprint = {http://www.tandfonline.com/doi/pdf/10.1080/10402009908982248}
}

@article{hoppermann2002,
author = {Hoppermann, A. and Kordt, M.},
title = {{Tribological Optimisation Using Laser-Structured Contact Surfaces}},
journal = {{Oelhydraulik und Pneumatik}},
volume = {46},
number = {4},
year = {2002}
}

@article{kovalchenko2004,
author = {Kovalchenko, A. and Ajayi, O. and Erdemir, A. and Fenske, G. and Etsion, I.},
title = {{The Effect of Laser Texturing of Steel Surfaces and Speed-Load Parameters on the Transition of Lubrication Regime from Boundary to Hydrodynamic}},
journal = TRIBT,
volume = {47},
number = {2},
pages = {299-307},
year = {2004},
doi = {10.1080/05698190490440902},
keywords = {minor},
URL = {http://www.tandfonline.com/doi/abs/10.1080/05698190490440902},
eprint = {http://www.tandfonline.com/doi/pdf/10.1080/05698190490440902}
}

@article{dumitru2000,
year={2000},
issn={0947-8396},
journal={Applied Physics A},
volume={70},
number={4},
doi={10.1007/s003390051073},
title = {{Laser microstructuring of steel surfaces for tribological applications}},
url={http://dx.doi.org/10.1007/s003390051073},
publisher={Springer-Verlag},
keywords={PACS: 42.65.Cs; 79.60.Ds},
author={Dumitru, G. and Romano, V. and Weber, H.P. and Haefke, H. and Gerbig, Y. and Pflüger, E.},
pages={485-487},
language={English}
}


@article{marian2011,
	author = "Marian, Victor Gabriel and Gabriel, Dimitru and Gunter Knoll and Filippone, Salvatore",
	journal = TRIBLETT,
	volume = "44",
	pages = "335--343",
	title = {{Theoretical and Thrust Bearing Experimental Analysis of a Laser Textured}},
	year = "2011"
}

@article{wang2001,
	author = "Wang, X. and Kato, K. and Adachi, K. and Aizawa, K.",
	journal = TRIBINT,
	volume = "34",
	keywords = {minor},
	pages = "703--711",
	title = {{The Effect of Laser Texturing of SiC Surface on the Critical Load for the Transition of Water Lubrication Mode from Hydrodinamic to Mixed}},
	year = "2001"
}

@article{zhou2012,
	author = "Zhou, Y. and Zhu, H. and Tang, W. and Ma, C. and Zhang, W.",
	journal = TRIBINT,
	volume = "52",
	pages = "1-6",
	title = {{Development of the theoretical model for the optimal design of surface
texturing on cylinder liner}},
	year = "2012"
}

@article{shen2013,
	author = "Shen, C. and Khonsari, M. M.",
	journal = TRIBLETT,
	optannote = "",
	optkey = "",
	optmonth = "",
	optnote = "",
	optnumber = "",
	pages = "415--430",
	title = {{Effect of Dimple’s Internal Structure on Hydrodynamic Lubrication}},
	volume = "52",
	year = "2013"
}

@article{checo2014a,
	author = "Checo, H. M. and Ausas, R. and Jai, M. and Cadalen, J. and Choukroun, F. and Buscaglia, G. C.",
	journal = TRIBINT,
	optannote = "",
	optkey = "",
	optmonth = "",
	optnote = "",
	optnumber = "",
	pages = "131-142",
	keywords = {group},
	title = {{Moving textures: Simulation of a ring sliding on a textured liner}},
	volume = "72",
	year = "2014"
}

@article{checo2014b,
	author = "Checo, H. M. and Jaramillo, A. and Jai, M. and Buscaglia, G. C.",
	journal = ProInsMecTri,
	title = {{Texture-Induced cavitation bubbles and friction reduction in the Elrod-Adams Model}},
	number = {4},
	pages = {478--492},
	keywords = {group},
	volume = {229},
	year = {2015},
	url = {http://pij.sagepub.com/lookup/doi/10.1177/1350650114550012}
}

@article{zhang2013,
	author = "Zhang, B. and Huang, W. and Wang, J. and Wang, X.",
	journal = TRIBINT,
	optannote = "",
	optkey = "",
	keywords = {minor},
	optmonth = "",
	optnote = "",
	optnumber = "",
	pages = "138--145",
	title = {{Comparison of the effects of surface texture on the surfaces of steel and UHMWPE}},
	volume = "65",
	year = "2013"
}

@article{scaraggi2013,
	author = "Scaraggi, M. and Mezzapesa, F. P. and Carbone, G. and Ancona, A. and Tricarico, L.",
	journal = TRIBLETT,
	optannote = "",
	optkey = "",
	optmonth = "",
	optnote = "",
	keywords = {minor},
	optnumber = "",
	pages = "117--125",
	title = {{Friction Properties of Lubricated Laser-MicroTextured-Surfaces: An Experimental Study from Boundary- to Hydrodynamic-Lubrication}},
	volume = "49",
	year = "2013"
}

@article{guo2013,
	author = "Guo, Z. and Yuan, C. and Liu, P. and Peng, Z. and  Yan, X.",
	journal = TRIBLETT,
	optannote = "",
	optkey = "",
	optmonth = "",
	optnote = "",
	keywords = {minor},
	optnumber = "",
	pages = "9--23",
	title = {{Study on Influence of Cylinder Liner Surface Texture on Lubrication Performance for Cylinder Liner–Piston Ring Components}},
	volume = "51",
	year = "2013"
}

@article{lengiewicz2014,
	author = "Lengiewicz, J. and Wichrowski, M. and Stupkiewicz, S.",
	journal = TRIBINT,
	optannote = "",
	optkey = "",
	optmonth = "",
	keywords = {minor},
	optnote = "",
	optnumber = "",
	pages = "143--155",
	title = {{Mixed Formulation and finite element treatment of the mass-conserving cavitation model}},
	volume = "72",
	year = "2014"
}

@article{kaefe04,
	author = "Kovalchenko, A. and Ajayi, O. and Erdemir, A. and Fenske, G. and Etsion, I.",
	journal = TRIBT,
	optannote = "",
	optkey = "",
	optmonth = "",
	optnote = "",
	optnumber = "",
	pages = "299--307",
	title = {{The effect of laser texturing of steel surfaces and speed-load parameters on the transition of lubrication regime from boundary to hydrodynamic}},
	volume = "47",
	year = "2004"
}

@article{brizmer2003,
	author = "Brizmer, V. and Kligerman, Y. and Etsion, I.",
	journal = TRIBT,
	optannote = "",
	optkey = "",
	optmonth = "",
	optnote = "",
	optnumber = "",
	pages = "397--403",
	title = {{A laser surface textured parallel thrust bearing}},
	volume = "46",
	year = "2003"
}

@article{tonder2004,
	author = "Tonder, K.",
	journal = TRIBINT,
	optannote = "",
	optkey = "",
	optmonth = "",
	optnote = "",
	optnumber = "",
	pages = "137--142",
	title = {{Hydrodynamic effects of tailored inlet roughnesses: extended theory}},
	volume = "37",
	year = "2004"
}

@article{sshm04,
	author = "Stephens, S. and Siripuram, R. and Hayden, M. and McCartt, B.",
	journal = {{Journal of Engineering for Gas Turbines and Power}},
	optannote = "",
	optkey = "",
	optmonth = "",
	optnote = "",
	optnumber = "",
	pages = "147--154",
	title = {{Deterministic micro asperities on bearings and seals using a modified LIGA process}},
	volume = "126",
	year = "2004"
}

@article{chambat1986,
	author = "Bayada, G. and Chambat, M.",
	journal = {{Applied Mathematics \& Optimization}},
	number = "1",
	optannote = "",
	optkey = "",
	optmonth = "",
	optnote = "",
	pages = "73--93",
	title = {{The transition between the {Stokes} equations and the {Reynolds} equation: A mathematical proof}},
	volume = "14",
	year = "1986"
}

@article{ryk2006,
	author = "Ryk, G. and Etsion, I.",
	journal = {{Wear}},
	optannote = "",
	optkey = "",
	optmonth = "",
	optnote = "",
	optnumber = "",
	pages = "792--796",
	title = {{Testing piston rings with partial laser surface texturing for friction reduction}},
	volume = "261",
	year = "2006"
}

@article{rek01,
	author = "Ronen, A. and Etsion, I. and Kligerman, .",
	journal = TRIBT,
	optannote = "",
	optkey = "",
	optmonth = "",
	optnote = "",
	optnumber = "",
	pages = "359--366",
	title = {{Friction-reducing surface-texturing in reciprocating automotive components}},
	volume = "45",
	year = "2001"
}

@article{bf89,
	author = "Bayada, G. and Faure, J.",
	journal = {{ASME J. Tribology}},
	optannote = "",
	optkey = "",
	optmonth = "",
	optnote = "",
	optnumber = "",
	pages = "323--330",
	title = {{A double scale analysis approach of the Reynolds roughness. Comments and application to the journal bearing}},
	volume = "111",
	year = "1989"
}

@article{ko96,
	author = "Kato, T. and Obara, S.",
	journal = TRIBT,
	optannote = "",
	optkey = "",
	optmonth = "",
	optnote = "",
	optnumber = "",
	pages = "462--468",
	title = {{Improvement in dynamic characteristics of circular journal bearings by means of longitudinal microgrooves}},
	volume = "39",
	year = "1996"
}
@book{kundu,
	author = "Pijush K. Kundu and Ira M. Cohen",
	title = {{Fluid Mechanics}},
	publisher = "Elsevier Academic Press",
	edition = "Third",
	year = "2004"
}

@book{khonsaribook2009,
	author = "Khonsari, M. Michael and Booser, E. Richard",
	title = {{Applied Tribology: Bearing Design and Lubrication}},
	publisher = "John Wiley \& Sons",
	edition = "Second",
	year = "2009"
}

@book{blpbook,
	author = "Bensoussan, A. and Lions, J. L. and Papanicolau, G.",
	publisher = "North-Holland",
	title = {{Asymptotic analysis for periodic structure}},
	year = "1978"
}

@article{buscaglia_amca,
	author = "Buscaglia, G.C. and Jai, M. and Cadalenc, J--P and Choukrounc, F.",
	journal = {{Mec{\'a}nica Computacional}},
	pages = "3257--3279",
	title = {{Mass--conserving numerical simulation of pisto ring/liner contact along a full engine cycle}},
	volume = "XXIX",
	year = "2010"
}

@phdthesis{ausasphd,
	author = "Ausas, R.",
	year = "2010",
	school = "Instituto Balseiro, Universidad Nacional de Cuyo, Bariloche.",
	title = {{Simulación Numérica en Flujo de dos Fases Inmiscibles con aplicaciones en  Lubricación Hidrodinámica}},
	month = "Abril"
}
	

@article{buscaglia1,
	author = "Buscaglia, G.C. and Jai, M. and Ciuperca, S.",
	journal = prwtc,
	title = {{Perturbation analysis of texture effects on lubricated devices}},
	keywords = {group},
	year = "2005"
}

@article{buscaglia3,
	author = "Buscaglia, G.C. and Quiroga, A.F. and Bayada, G. and Jai, M.",
	journal = prsandmo,
	title = {{Sensitivity of lubricated devices to changes in their macro/microscopic shape}},
	year = 2005
}

@article{bayada6,
	author = "Bayada, G. and Chambat, M.",
	journal = QAPM,
	pages = "369--375",
	title = {{Analysis of a free boundary problem in partial lubrication.}},
	volume = "4",
	year = 1983
}

@article{bayada7,
	author = "Bayada, G. and Chambat, M.",
	journal = JOUFR,
	pages = "703--729",
	title = {{Sur quelque modelisation de la zone de cavitation en lubrification hydrodynamique.}},
	volume = "5",
	year = 1986
}

@article{rhode,
	author = "Rhode, S. M. and McAllister, G. D.",
	journal = IJENSC,
	pages = "841--850",
	title = {{A variational Formulation for a Class of Free Boundary Problem Arising in Hydrodynamic Lubrication}},
	year = 1975
}

@article{optasanu,
	author = "Optasanu, V. and Bonneau, D.",
	journal = TrA,
	pages = "162--169",
	title = {{Finite Element Mass-Conserving Cavitation Algorithm in Pure Squeeze Motion. Validation/Application to a Connecting Rod Small End Bearing}},
	volume = "122",
	year = 2000
}

@article{vijayaraghavan,
	author = "Vijayaraghavan, D. and Keith, T.",
	journal = jcam,
	pages = "44--51",
	title = {{An Efficient, Robust, and Time Accurate Numerical Scheme Applied to a Cavitation Algorithm}},
	volume = "112",
	year = 1990
}

@article{profito2015,
author = {Profito, F. and Tomanik, E. and Zachariadis, D.},
doi = {10.1016/j.triboint.2015.01.004},
isbn = {0014-4827},
issn = {1090-2422},
journal = TRIBINT,
keywords = {Hispidin,Myocardial apoptosis,Oxidative stress,PKC inhibitor},
pmid = {25128810},
publisher = {Elsevier},
title = {{Effect of Cylinder Liner Wear on the Mixed Lubrication Regime of TLOCRs}},
url = {http://dx.doi.org/10.1016/j.triboint.2015.01.004 http://www.ncbi.nlm.nih.gov/pubmed/25128810},
year = {2015}
}

@article{floberg73,
	author = "Floberg, L.",
	journal = {{Transactions of the Machine Elements Division, Lund Technical University}},
	optannote = "",
	optkey = "",
	optmonth = "",
	optnote = "",
	keywords = {minor},
	optnumber = "",
	pages = "1--26",
	title = {{On journal bearing lubrication considering the tensile strenght of the liquid lubricant}},
	volume = "",
	year = "1973"
}

@article{floberg74,
	author = "Floberg, L.",
	journal = {{Proceedings of the 1st Leed-Lyon Symposium on Tribology}},
	optannote = "",
	optkey = "",
	optmonth = "",
	optnote = "",
	optnumber = "",
	keywords = {minor},
	pages = "31--36",
	title = {{Cavitation boundary conditions with regard to the number of streamers and tensile strength of the liquid}},
	volume = "",
	year = "1974"
}

@article{jakobson1,
	author = "Jakobson, B. and Floberg, L.",
	journal = TrCh,
	pages = "1--119",
	keywords = {minor},
	title = {{The Finite Journal Bearing Considering Vaporization}},
	volume = "190",
	year = 1957
}

@article{olsson1,
	author = "Olsson, K.",
	journal = TrCh,
	keywords = {minor},
	title = {{Cavitation in dynamically loaded bearings}},
	volume = "308",
	year = 1965
}

@article{elrod1974,
	author = "Elrod, H. G. and Adams, M.",
	journal = LEEDS,
	pages = "354",
	title = {{A computer program for cavitation. {T}echnical report 190.}},
	volume = "103",
	year = 1974
}

@article{etsion2004,
	author = "Etsion, I. and Halperin, G. and Brizmer, V. and Kligerman, Y.",
	journal = TRIBLETT,
	keywords = {minor},
	pages = "295--300",
	title = {{Experimental investigation of laser surface textured parallel thrust bearings}},
	volume = "17",
	year = "2004"
}

@article{etsion2002,
	author = "Etsion, I. and Halperin, G.",
	journal = TRIBT,
	pages = "430--434",
	title = {{A Laser Surface Textured Hydrostatic Mechanical Seal}},
	volume = "45",
	year = 2002
}

@article{pinkus,
	author = "Etsion, I. and Pinkus, O.",
	journal = JlubT,
	pages = "489--496",
	title = {{Analysis of Short Journal Bearings with New Upstream Boundary Conditions.}},
	volume = "96",
	year = 1974
}

@article{christopherson,
	author = "\{C}hristopherson, D.",
	journal = OLD,
	title = {{A new mathematical method for the solution of film lubrication problems.}},
	volume = "146",
	year = 1942
}

@article{cryer,
	author = "Cryer, C.",
	journal = MACO,
	pages = "435--443",
	title = {{The method of {C}hristopherson for solving free boundary problems for infinite journal bearings by means of finite differences.}},
	volume = "115",
	year = 1971
}

@article{ausas09,
	author = "Ausas, R. and Jai, M. and Buscaglia, G.",
	journal = jT,
	pages = "031702 (7 pages)",
	title = {{A Mass-Conserving Algorithm for Dynamical Lubrication Problems With Cavitation}},
	volume = "131",
	year = 2009
}

@article{tian08,
	author = "Li, Y. and Chen, H. and Tian, T.",
	journal = {{SAE Technical Paper}},
	number = "2008-01-1615",
	optannote = "",
	optkey = "",
	optmonth = "",
	optnote = "",
	optpages = "",
	optvolume = "",
	title = {{A deterministic model for lubricant transport within complex geometry under sliding contact and its application in the interaction between the oil control ring and rough liner in internal combustion engines}},
	year = "2008"
}

@book{zienkiewicz91,
	author = "Zienkiewicz, O.C. and Taylor, R.L.",
	publisher = "McGraw Hill",
	title = {{The finite element method}},
	volume = "II",
	year = 1991
}

@article{buscaglia06,
	author = "Buscaglia, G.C. and Ausas, R. and Jai, M.",
	journal = {{Inverse Problems in Science and Engineering}},
	optannote = "",
	optkey = "",
	optmonth = "",
	optnote = "",
	optnumber = "",
	pages = "365--378",
	title = {{Optimization tools in the analysis of micro-textured lubricated devices}},
	volume = "14",
	year = "2006"
}

@article{buscaglia07_ip,
	author = "Buscaglia, G.C. and Ciuperca, I. and Jai, M.",
	journal = {{Inverse Problems}},
	optannote = "",
	optkey = "23",
	optmonth = "",
	optnote = "",
	optnumber = "",
	pages = "695--711",
	title = {{Topological asymptotic expansions for the generalized Poisson problem with small inclusions and applications in lubrication}},
	volume = "",
	year = "2007"
}

@book{dowson1996,
	author = "Dowson, D. and Taylor, C.M. and Yang, Lisheng",
	publisher = "Elsevier",
	series = "Tribology series",
	pages = "301--318",
	title = {{Friction Modelling for Internal Combustion Engines}},
	volume = "31",
	year = "1996"
}

@article{dowson1979,
	author = "Dowson, D. and Taylor, C.",
	journal = {{Annu. Rev. Fluid Mech.}},
	optannote = "",
	optkey = "",
	optmonth = "",
	optnote = "",
	optnumber = "",
	pages = "35--66",
	title = {{Cavitation in bearings}},
	volume = "11",
	year = "1979"
}

@article{braun2010,
	author = "Braun, M. and Hannon, W.",
	journal = {{J. Engineering Tribol.}},
	optannote = "",
	optkey = "",
	optmonth = "",
	optnote = "",
	keywords = {cavitation},
	optnumber = "",
	pages = "839--863",
	title = {{Cavitation formation and modelling for fluid film bearings: {A} review}},
	volume = "224",
	year = "2010"
}

@book{cameron1971,
	alteditor = "",
	author = "Cameron, A.",
	optaddress = "",
	optannote = "",
	optedition = "",
	optkey = "",
	optmonth = "",
	optnote = "",
	optnumber = "",
	optseries = "",
	optvolume = "",
	publisher = "Longman Group Ltd.",
	title = {{Basic lubrication theory}},
	year = "1971"
}

@article{jeng92,
	author = "Jeng, Yeau-Ren",
	journal = TRIBT,
	number = "4",
	optannote = "",
	optkey = "",
	optmonth = "",
	optnote = "",
	pages = "696--706",
	title = {{Theoretical Analysis of Piston-Ring Lubrication Part {I} - Fully Flooded Lubrication}},
	volume = "35",
	year = "1992"
}

@article{priest99,
	author = "Priest, M. and Dowson, D. and Taylor C. M.",
	journal = {{Wear}},
	number = "1",
	optannote = "",
	optkey = "",
	optmonth = "",
	optnote = "",
	pages = "89--101",
	title = {{Predictive wear modelling of lubricated piston rings in a diesel engine}},
	volume = "231",
	year = "1999"
}

@incollection{priest1996,
title = {{Boundary Conditions for Reynolds Equation with Particular Reference to Piston Ring Lubrication}},
booktitle = "The Third Body Concept Interpretation of Tribological Phenomena",
publisher = "Elsevier",
year = "1996",
volume = "31",
pages = "441 - 452",
series = "Tribology Series ",
issn = "0167-8922",
doi = "http://dx.doi.org/10.1016/S0167-8922(08)70806-X",
url = "http://www.sciencedirect.com/science/article/pii/S016789220870806X",
author = "Priest, M. and Taylor, R. I. and Dowson, D. and Taylor, C. M.",
abstract = "This paper considers the lubrication of the interface between a piston ring and cylinder wall, as encountered in reciprocating internal combustion engines and pumps, with the specific aim of evaluating alternative boundary conditions that can be applied when solving Reynolds equation. It is shown that different boundary conditions result from assuming different models of lubricant film cavitation in the interface and that the choice of boundary conditions can have a significant influence on the results of the analysis. Theoretical predictions of hydrodynamic pressure, lubricant film thickness and friction for the top piston ring of a single-cylinder diesel engine are presented for two alternative forms of cavitation which illustrate the sensitivity of the analysis to the choice of boundary conditions. In an attempt to gain an insight into the correct boundary conditions to use, a review is presented of available experimental data. This concludes that experimental data published to date fails to resolve clearly which boundary conditions are more appropriate or whether perhaps different boundary conditions are suited to different conditions of load, speed, temperature and degree of lubricant starvation. "
}

@article{priest2000,
	author = "Priest, M. and Dowson, D. and Taylor C. M.",
	journal = {{Proc. Instn. Mech. Engrs}},
	number = "1",
	optannote = "",
	optkey = "",
	optmonth = "",
	optnote = "",
	pages = "435--447",
	title = {{Theoretical modelling of cavitation in piston ring lubrication}},
	volume = "214",
	year = "2000"
}

@phdthesis{priest96,
	author = "Priest, M.",
	month = "October",
	optaddress = "",
	optannote = "",
	optkey = "",
	optnote = "",
	opttype = "",
	school = "University of Leeds",
	title = {{The wear and lubrication of piston rings}},
	year = "1996"
}

@article{priest00a,
	author = "Priest, M.",
	journal = {{Tribology series}},
	optannote = "",
	optkey = "",
	optmonth = "",
	optnote = "",
	optnumber = "",
	pages = "409--416",
	title = {{Factors influencing boundary friction and wear of piston rings}},
	volume = "38",
	year = "2000"
}

@article{balakrishnan04,
	author = "Balakrishnan, S. and Howell-Smith, S. and Rahnejat, R. H. and Dowson, D.",
	journal = {{Tribology series}},
	optannote = "",
	optkey = "",
	optmonth = "",
	optnote = "",
	optnumber = "",
	pages = "265--273",
	title = {{Investigation of reciprocating conformal contact of piston skirt and ring-pack to cylinder liner under transient condition}},
	volume = "43",
	year = "2004"
}

@inproceedings{moughon05,
	author = "Moughon, L. and Wong, V. W.",
	booktitle = {{2005 Fall Technical Conference of the ASME Internal Combustion Engine Division}},
	optaddress = "",
	optannote = "",
	optcrossref = "",
	opteditor = "",
	optkey = "",
	optmonth = "",
	optnote = "",
	optnumber = "",
	optorganization = "",
	optpublisher = "",
	optseries = "",
	optvolume = "",
	pages = "653--662",
	title = {{Effects of lubricant and piston design on reciprocating engine friction}},
	year = "2005"
}

@article{organisciak05,
	author = "Organisciak, M. and Cavallaro, G. and Lubrecht A. A.",
	journal = {{Tribology and Interface Engineering Series}},
	optannote = "",
	optkey = "",
	optmonth = "",
	optnote = "",
	optnumber = "",
	pages = "573--583",
	title = {{Starved hydrodynamic lubrication of the piston ring cylinder liner contact: Preliminary study of the influence of surface texturing}},
	volume = "48",
	year = "2005"
}

@article{etsion05b,
	author = "Kligerman, Y.and Etsion I. and Shinkarenko, A.",
	journal = ASMEjt,
	number = "3",
	optannote = "",
	optkey = "",
	optmonth = "",
	optnote = "",
	pages = "632--638",
	title = {{Improving tribological performance of piston rings by partial surface texturing}},
	volume = "127",
	year = "2005"
}

@article{buscaglia07,
	author = "Buscaglia, G. and Ciuperca, I. and Jai, M.",
	journal = {{Journal of Mathematical Analysis and Applications}},
	optannote = "",
	optkey = "",
	keywords = {minor},
	optmonth = "",
	optnote = "",
	optnumber = "",
	pages = "1309--1327",
	title = {{On the optimization of surface textures for lubricated contacts}},
	volume = "335",
	year = "2007"
}

@article{etsion05,
	author = "Etsion, I.",
	journal = {{J. Tribol.: Trans. ASME}},
	optannote = "",
	optkey = "",
	optmonth = "",
	optnote = "",
	optnumber = "",
	keywords = {general},
	pages = "248--253",
	title = {{State of the art in laser surface texturing}},
	volume = "127",
	year = "2005"
}

@article{ryk02,
	author = "Ryk, G. and Kligerman, Y. and Etsion, I.",
	journal = {{Tribol. Trans.}},
	optannote = "",
	optkey = "",
	optmonth = "",
	optnote = "",
	optnumber = "",
	pages = "444--449",
	title = {{Experimental investigation of laser surface texturing for reciprocating automotive components}},
	volume = "45",
	year = "2002"
}

@article{petterson2007,
	author = "Pettersson, U. and Jacobson, S.",
	journal = TRIBINT,
	optannote = "",
	optkey = "",
	optmonth = "",
	optnote = "",
	optnumber = "",
	pages = "355--359",
	title = {{Textured surfaces for improved lubrication at high pressure and low sliding speed of roller/piston in hydraulic motors}},
	volume = "40",
	year = "2007"
}

@article{Jai04a,
	author = "Jai, M. and Buscaglia, G. C. and Iordanoff., I.",
	journal = {{ASME J. Tribology}},
	optannote = "",
	optkey = "",
	optmonth = "",
	optnote = "",
	optnumber = "",
	pages = "132--136",
	title = {{Multi-constrained optimization of running characteristics of mechanisms lubricated with compressible fluid}},
	volume = "126",
	year = "2004"
}

@article{buscaglia05a,
	author = "Buscaglia, G. C. and Ciuperca, I. and Jai, M.",
	journal = {{Comptes Rendus Mecanique}},
	optannote = "",
	optkey = "",
	optmonth = "",
	optnote = "",
	optnumber = "",
	pages = "453--458",
	title = {{On nanoscale hydrodynamic lubrication models}},
	volume = "333",
	year = "2005"
}

@article{buscaglia05b,
	author = "Buscaglia, G. C. and Ciuperca, I. and Jai, M.",
	journal = {{Journal of Differential Equations}},
	optannote = "",
	optkey = "",
	optmonth = "",
	optnote = "",
	optnumber = "",
	pages = "187--215",
	title = {{Existence and uniqueness for several nonlinear elliptic problems arising in lubrication theory}},
	volume = "218",
	year = "2005"
}

@article{kobayashi99,
	author = "Kobayashi, T.",
	journal = {{Transactions of the ASME}},
	optannote = "",
	optkey = "",
	optmonth = "",
	optnote = "",
	optnumber = "",
	pages = "148--156",
	title = {{Numerical Analysis of Herringbone-Grooved Gas-Lubricated Journal Bearings Using a Multigrid Technique}},
	volume = "121",
	year = "1999"
}

@article{buscaglia05c,
	author = "Buscaglia, G. C. and Ciuperca, I. and Jai, M.",
	journal = ASMEjt,
	optannote = "",
	optkey = "",
	optmonth = "",
	optnote = "",
	optnumber = "",
	pages = "899--902",
	title = {{The effect of periodic textures on the static characteristics of thrust bearings}},
	volume = "127",
	year = "2005"
}

@article{brewe88,
	author = "Brewe, D. E. and Ball, J. H. and Konshari, M. M.",
	journal = {{Proceedings of the Cavitation Symposium, STLE Annual Meeting, NASA TM-103184}},
	optannote = "",
	optkey = "",
	optmonth = "",
	optnote = "",
	optnumber = "",
	pages = "",
	title = {{Introduction. Part 2: current research in cavitating fluid films}},
	volume = "",
	year = "1988"
}


@article{organisciak07,
	author = "Organisciak, M. and Cavallaro, G. and Lubrecht, A. A.",
	journal = {{J. Engineering Tribology}},
	optkey = "",
	optnumber = "",
	pages = "247--258",
	title = {{Variable lubricant supply of a starved hydrodynamic linear contact: lubricant lateral flow for smooth and laser textured surfaces}},
	volume = "221",
	year = "2007"
}

@article{organisciak07b,
	author = "Organisciak, M. and avallaro, G. and Lubrecht, A. A.",
	journal = {{ASME/STLE 2007 Int. Joint Tribol. Conference}},
	optkey = "",
	optnumber = "http://dx.doi.org/10.1115/IJTC2007-44144",
	pages = "905--907",
	title = {{Influence of the cross--hatched surface texture on a starved hydrodynamic linear contact}},
	volume = "Paper no. IJTC2007-44144",
	year = "2007"
}

@phdthesis{ausas_thesis,
	author = "Ausas, R.",
	school = "Instituto Balseiro, Argentina",
	title = {{Simulaci{\'o}n Num{\'e}rica en Flujo de dos Fases Inmiscibles con aplicaciones en Lubricaci{\'o}n Hidrodin{\'a}mica}},
	year = "2010"
}

@article{wangzhu,
	author = "\{Jane Wang}, Q. and Zhu, D.",
	journal = ASMEjt,
	pages = "722--728",
	title = {{Virtual texturing: {Modeling} the performance of lubricated contacts of engineered surfaces}},
	volume = "127",
	year = 2005
}

@article{bayada2005,
	author = "Bayada, G. and Martin, S. and Vazquez, C.",
	journal = ASMEjt,
	pages = "793--802",
	title = {{An average flow model of the {Reynolds} roughness including a mass-flow preserving cavitation model}},
	volume = "127",
	year = 2005
}

@article{bayada1998,
	author = "Bayada, G. and Chambat, M. and Vazquez, C.",
	journal = jcam,
	pages = "191--212",
	title = {{Characteristics method for the formulation and computation of a free boundary cavitation problem}},
	volume = "98",
	year = 1998
}

@article{bayada1990,
	author = "Bayada, G. and Chambat, M. and El Alaoui, M.",
	journal = ASMEjt,
	pages = "398--403",
	title = {{Variational Formulations and Finite Element Algorithms for Cavitation Problems}},
	volume = "112",
	year = 1990
}

@article{bayada1974,
	author = "Bayada, G. and \{Du Parquet}, J.",
	journal = LEEDS,
	title = {{The influence of Operating Parameters on the Cavitation in a Dynamically Loaded Journal Bearing}},
	year = "1974"
}

@article{bayada1982,
	author = "Bayada, G. and Chambat, M.",
	journal = {{Journal of Mathematics Analysis and Applications}},
	title = {{Nonlinear Variational Formulation for a Cavitation Problem in Lubrication}},
	pages = "286--298",
	volume = "89",
	year = "1982"
}

@article{ausas07,
	author = "Ausas, R. and Ragot, P. and Leiva, J. and Jai, M. Bayada, G. and Buscaglia, G.",
	journal = ASMEjt,
	pages = "868--875",
	title = {{The impact of the Cavitation model in the Analysis of Micro-Textured Lubricated Journal bearings.}},
	keywords = {group},
	volume = "129",
	year = 2007
}

@article{chambat84,
	author = "Bayada, G. and Chambat, M.",
	journal = {{Boll. U.M.I.}},
	number = "3b",
	optannote = "",
	optkey = "",
	optmonth = "",
	optnote = "",
	pages = "543--557",
	title = {{Existence and uniqueness for a lubrication problem with non regular conditions on the free boundary}},
	volume = "6",
	year = "1984"
}

@article{Jai04b,
	author = "Jai, M. and Buscaglia, G. C.",
	journal = {{ASME J.Tribology}},
	optannote = "",
	optkey = "",
	optmonth = "",
	optnote = "",
	optnumber = "",
	pages = "547--552",
	title = {{Homogenization of the Generalized Reynolds Equation for ultra-thin gas films and its resolution by Finite Element method.}},
	volume = "126",
	year = "2004"
}

@article{uehara04,
	author = "Uehara, Y. and Wakuda, M. and Yamauchi, Y. and Kanzaki, S. and Sakaguchi, S.",
	journal = {{J. Eur. Ceramic Society}},
	optannote = "",
	optkey = "",
	optmonth = "",
	optnote = "",
	optnumber = "",
	pages = "369--373",
	title = {{Tribological properties of dimpled silicon nitride under oil lubrication}},
	volume = "24",
	year = "2004"
}

@article{wakuda03,
	author = "Wakuda, M. and Yamauchi, Y. and Kanzaki, S. and Ysuda, Y.",
	journal = {{Wear}},
	optannote = "",
	optkey = "",
	optmonth = "",
	optnote = "",
	optnumber = "",
	pages = "356--363",
	title = {{Effect of surface texturing on friction reduction between ceramic and steel materials under lubricated sliding contact}},
	volume = "254",
	year = "2003"
}

@article{yagi08,
	author = "Yagi, K. and Takedomi, W. and Tanaka, H. and Sugimura, J.",
	journal = {{Tribology Online}},
	optannote = "",
	optkey = "",
	optmonth = "",
	optnote = "",
	optnumber = "",
	pages = "285--288",
	title = {{Improvement of Lubrication Performance by Micro Pit Surfaces}},
	volume = "3",
	year = "2008"
}

@article{yu10,
	author = "Yu, H. and Wang, X. and Zhou, F.",
	journal = TRIBLETT,
	optannote = "",
	optkey = "",
	optmonth = "",
	optnote = "",
	optnumber = "",
	pages = "123--130",
	title = {{Geometric Shape Effects of Surface Texture on the Generation of Hydrodynamic Pressure Between Conformal Contacting Surfaces}},
	volume = "37",
	year = "2010"
}

@article{zumgahr07,
	author = "\{Zum Gahr}, K.H. and Mathieu, M. and Brylka, B.",
	journal = {{Wear}},
	optannote = "",
	optkey = "",
	optmonth = "",
	optnote = "",
	optnumber = "",
	pages = "920--929",
	title = {{Friction control by surface engineering of ceramic sliding pairs in water}},
	volume = "263",
	year = "2007"
}

@article{fowell07,
	author = "Fowell, M. and Olver, A. and Gosman, A. and Spikes, H. and Pegg, I.",
	journal = {{Trans. ASME}},
	optannote = "",
	optkey = "",
	optmonth = "",
	optnote = "",
	optnumber = "",
	pages = "336--347",
	title = {{Entrainment and Inlet Suction: Two Mechanisms of Hydrodynamic Lubrication in Textured Bearings}},
	volume = "129",
	year = "2007"
}

@article{nanbu08,
	author = "Nanbu, T. and Ren, N. and Yasuda, Y. and Zhu, D. and Wang, Q.",
	journal = TRIBLETT,
	optannote = "",
	optkey = "",
	optmonth = "",
	optnote = "",
	optnumber = "",
	pages = "241--252",
	title = {{Micro-Textures in Concentrated Conformal-Contact Lubrication: Effects of Texture Bottom Shape and Surface Relative Motion}},
	volume = "29",
	year = "2008"
}

@article{qiu2009,
	author = "Qiu, Y. and Khonsari, M.",
	journal = {{ASME, J. of Trib.}},
	optannote = "",
	optkey = "",
	keywords = {minor},
	optmonth = "",
	optnote = "",
	optnumber = "",
	pages = "041702--1",
	title = {{On the Prediction of Cavitation in Dimples Using a Mass-Conservative Algorithm}},
	volume = "131",
	year = "2009"
}

@article{qiu11,
	author = "Qiu, Y. and Khonsari, M.",
	journal = TRIBINT,
	optannote = "",
	optkey = "",
	optmonth = "",
	optnote = "",
	optnumber = "",
	keywords = {minor},
	pages = "635--644",
	title = {{Experimental investigation of tribological performance of laser textured stainless steel rings}},
	volume = "44",
	year = "2011"
}

@article{dobrica08,
	author = "Dobrica, M. and Fillon, M.",
	journal = {{Proc. IMechE}},
	optannote = "",
	optkey = "",
	optmonth = "",
	optnote = "",
	keywords = {minor},
	optnumber = "",
	pages = "69--78",
	title = {{About the validity of Reynolds equation and inertia effects in textured sliders on infinite width}},
	volume = "223",
	year = "2008"
}

@article{panayi08,
	author = "Panayi, A. and Schock, H.",
	journal = ProInsMecTri,
	optannote = "",
	optkey = "",
	optmonth = "",
	optnote = "",
	optnumber = "",
	pages = "165--169",
	title = {{Approximation of the integral of the asperity height distribution for the Greenwood--Tripp asperity contact model}},
	volume = "222",
	year = "2008"
}

@article{greenwood1966,
	author = "Greenwood, J. and Williamson, J.",
	journal = {{Proceedings of the Royal Society of London. Series A, Mathematical and Physical Sciences}},
	optannote = "",
	optkey = "",
	optmonth = "",
	optnote = "",
	optnumber = "",
	pages = "300--319",
	title = {{Contact of Nominally Flat Surfaces}},
	volume = "295",
	year = "1966"
}

@article{holm2012,
	author = "Holmberg, K. and Andersson, P. and Erdemir, A.",
	journal = TRIBINT,
	pages = "221--234",
	title = {{Global energy consumption due to friction in passenger cars}},
	volume = "47",
	year = "2012"
}

@article{wang2006,
	author = "Wang, X. and Adachi, K. and Otsuka, K. and Kato, K.",
	journal = {{Applied Surface Science}},
	volume = "253",
	keywords = {minor},
	pages = "1282--1286",
	title = {{Optimization of the surface texture for silicon carbide sliding in water}},
	year = "2006"
}

@article{zhang2012,
	author = "Zhang, J. and Meng, Y.",
	journal = TRIBLETT,
	volume = "46",
	pages = "147--158",
	title = {{Direct observation of cavitation phenomenon and hydrodynamic lubrication analysis of textured surfaces}},
	year = "2012"
}

@article{yuan2011,
	author = "Yuan, S. and Huang, W. and Wang, X.",
	journal = TRIBINT,
	volume = "44",
	keywords = {minor},
	pages = "1047--1054",
	title = {{Orientation effects of micro-grooves on sliding surfaces}},
	year = "2011"
}

@article{koval2005,
	author = "Kovalchenko, A. and Ajayi, O. and Erdemir, A. and Fenske, G. and Etsion, I.",
	journal = TRIBINT,
	volume = "38",
	pages = "219--225",
	title = {{The effect of laser surface texturing on transitions in lubrication regimes during unidirectional sliding contacts}},
	year = "2005"
}

@article{mishra2011,
	author = "Mishra, Surya P. and Polycarpou, Andreas A.",
	journal = TRIBINT,
	volume = "44",
	pages = "1890--1901",
	title = {{Tribological studies of unpolished laser surface textures under starved lubrication conditions for use in air-conditioning and refrigeration compressors}},
	year = "2011"
}

@article{koval2011,
	author = "Kovalchenko, A. and Ajayi, O. and Erdemir, A. and Fenske, G.",
	journal = {{Wear}},
	volume = "271",
	pages = "1719--1725",
	title = {{Friction and wear behavior of laser textured surface under lubricated initial point contact}},
	year = "2011"
}

@article{ali2012,
	author = "Ali, F. and K$\breve{r}$upka, I. and Hartle, M.",
	journal = {{Meccanica}},
	keywords = {minor},
	month = "October",
	title = {{Analytical and experimental investigation of friction of non-conformal point contacts under starved lubrication}},
	year = "2012",
	pages = "545--553",
	number = "48"
}

@article{li2011,
	author = "Li, Jinfeng and Zhou, Fei and Wang, Xiaolei",
	journal = {{Meccanica}},
	volume = "46",
	pages = "499--507",
	title = {{Modify the friction between steel ball and PDMS disk under water lubrication by surface texturing}},
	year = "2011"
}

@article{kim2012,
	author = "Kim, Bom Sok and Chung, Woo Yooung and Rhee, Meung-Ho and Lee, Sang-Yul",
	journal = {{Met. Mater. Int.}},
	number = "6",
	pages = "1023--1027",
	title = {{Studies on the application of laser surface texturing to improve the tribological performance of AlCrSiN-coated surfaces}},
	volume = "18",
	year = "2012"
}

@article{peter2003,
	author = "Pettersson, U. and Jacobson, S.",
	journal = TRIBINT,
	volume = "36",
	pages = "857--864",
	title = {{Influence of surface texture on boundary lubricated sliding contacts}},
	year = "2003"
}

@Article{costa2007,
	author = "Costa, H. L. and Hutchings, I. M.",
	journal = TRIBINT,
	keywords = {general},
	volume = "40",
	pages = "1227--1238",
	title = {{Hydrodynamic lubrication of textured steel surfaces under reciprocating sliding conditions}},
	year = "2007"
}

@article{dobrica2010,
	author = "Dobrica, M. B. and Fillon, M. and Pascovici, M. D. and Cicone, T.",
	journal = {{Proc. IMechE}},
	pages = "737--750",
	title = {{Optimizing surface texture for hydrodynamic lubricated contacts using a mass-conserving numerical approach}},
	volume = "224",
	year = "2010"
}

@article{grabon2010,
	author = "Grabon, W. and Pawlus, P. and Sep, J.",
	journal = TRIBINT,
	volume = "43",
	pages = "1882--1892",
	title = {{Tribological characteristics of one-process and two-process cylinder liner honed surfaces under reciprocating sliding conditions}},
	year = "2010"
}

@article{grabon2013,
	author = "Grabon, W. and Koszela, W. and Pawlus, P. and Ochwat, S.",
	journal = TRIBINT,
	number = "61",
	pages = "102--108",
	title = {{Improving tribological behaviour of piston ring–cylinder liner frictional pair by liner surface texturing}},
	year = "2013"
}
@article{fowell2012,
	author = "Fowell, M. T. and Medina, S. and Olver, A. V. and Spikes, H. A. and Pegg, I. G.",
	journal = TRIBINT,
	number = "52",
	pages = "7--16",
	title = {{Parametric study of texturing in convergent bearings }},
	year = "2012"
}

@phdthesis{organisciak2007phd,
	author = "Organisciak, M.",
	location = "Lyon, France",
	school = "l'Institut National des Sciences Appliqu{\'e}es de Lyon",
	title = {{Optimisation de la microgeometrie des chemises de moteurs a combustion interne}},
	year = "2007"
}

@Article{tanaka2004,
	author = "Tanaka, H. and Ichimaru, K.",
	journal = {{Transient Processes in Tribology}},
	pages = "283--290",
	title = {{Numerical simulation of oil-film behavior on cylinder liners in sliding contacts with piston rings}},
	year = "2004"
}

@book{venner2000,
	author = "Venner, C. H. and Lubrecht, A. A.",
	publisher = "Elsevier",
	title = {{Multilevel methods in lubrication}},
	year = "2000"
}

@article{ausas2013,
	author = "Ausas, R. and Jai, M. and Ciuperca, I. S. and Buscaglia, G. C.",
	journal = TRIBINT,
	volume = "57",
	pages = "54--66",
	title = {{Conservative one-dimensional finite volume discretization of a new cavitation model for piston-ring lubrication}},
	year = "2013"
}

@article{buscaglia13,
	author = {Buscaglia, G. C. and Ciuperca, I. and Dalissier, E. and Jai, M.},
	year = "2013",
	journal = {{Journal of Engineering Mathematics}},
	volume = "83",
	title =  "A new cavitation model in lubrication: the case of two-zone cavitation",
	pages = "57--79"
}

@article{etsion2013,
abstract = {Theoretical modeling of surface texturing in hydrodynamic lubrication is a necessary first step to obtain favorable effect of the texturing. This invited review presents a comprehensive summary of the modeling of several basic applications that was done mostly by the author’s group at Technion and published in the relevant literature.},
author = {Etsion, I.},
doi = {10.1007/s40544-013-0018-y},
issn = {2223-7690},
journal = {Friction},
keywords = {hydrodynamic lubrication,modeling,surface texturing,textured surfaces},
mendeley-tags = {hydrodynamic lubrication,textured surfaces},
month = jul,
number = {3},
pages = {195--209},
title = {{Modeling of surface texturing in hydrodynamic lubrication}},
url = {http://link.springer.com/10.1007/s40544-013-0018-y},
volume = {1},
year = {2013}
}


@article{ray1918,
	author = {{Lord Rayleigh}},
	journal = {{Phylosophical Magazine}},
	number = "35",
	pages = "1--12",
	title = {{Notes on the theory of lubrication}},
	year = "1918"
}

@article{maday1970,
	author = "Maday, C. J.",
	journal = {{ASME J. Lubr. Technology}},
	number = "92",
	pages = "482--489",
	title = {{The maximum principle approach to the optimum one-dimensional journal bearing}},
	year = "1970"
}

@article{mcallister1975,
	author = "McAllister, G. T. and Rhode, S. M.",
	journal = {{Applied Mathematics \& Optimization}},
	number = "2",
	pages = "223--235",
	title = {{An optimization problem in hydrodynamic lubrication theory}},
	year = "1975"
}

@article{rhode1976,
	author = "Rhode, S.M. and McAllister, G.T.",
	journal = {{Proc. R. Soc. London}},
	number = "A351",
	pages = "481--497",
	title = {{On the optimization of fluid film bearings}},
	year = "1976"
}

@article{gadeshi2012,
	author = {Gadeschi, G. B. and Backhaus, K. and Knoll, G.},
	keywords = {general},
	journal = ASMEjt,
	month = "October",
	pages = "1--8",
	title = {{Numerical Analysis of Laser-Textured Piston-Rings in the Hydrodynamic Lubrication Regime}},
	volume = "134",
	year = {2012}
}

@article{ramesh2013,
	author = "Ramesh, A. and Akram, W. and Mishra, S. P. and Cannon, A. H. and Polycarpou, A. A. and King, W. P.",
	journal = TRIBINT,
	number = "57",
	pages = "170--176",
	title = {{Friction characteristics of microtextured surfaces under mixed and hydrodynamic lubrication}},
	year = "2013"
}

@article{cho2011,
	author = "Cho, M. H. and Park, S.",
	journal = TRIBINT,
	number = "44",
	pages = "859-867",
	keywords = {minor},
	title = {{Micro CNC surface texturing on polyoxymethylene (POM) and its tribological performance in lubricated sliding}},
	year = "2011"
}

@article{yin2012,
	author = "Yin, B. and Li, X. and Fu, Y. and Yun, W.",
	journal = {{Lubrication Science}},
	volume = "24",
	keywords = {minor},
	pages = "293-312",
	title = {{Effect of laser textured dimples on the lubrication performance of cylinder liner in diesel engine}},
	year = "2012"
}

@article{smith2010,
	author = "Smith, E. H.",
	journal = TRIBINT,
	volume = "44",
	pages = "29-41",
	title = {{Optimising the design of a piston-ring pack using DoE methods}},
	year = "2010"
}

@article{priest2010,
	author = "Priest, M. and Dowson, D. and Taylor, C. M.",
	journal = {{Wear}},
	number = "231",
	pages = "89-101",
	title = {{Predictive modelling of lubricated piston rings in a diesel engine}}
}

@article{mishra2008,
	author = "Mishra, Surya P. and Balakrishnan, S. and Rahnejat, R. H.",
	journal = {{Proc. IMechE}},
	pages = "815-826",
	title = {{Tribology of compression ring-to-cylinder contact at reversal}},
	volume = "222",
	year = "2008"
}

@article{tomanik2008,
	author = "Tomanik, E.",
	journal = TRIBINT,
	keywords = {minor},
	pages = "1032-1038",
	title = {{Friction and wear bench test of different engine liner surface finishes}},
	volume = "41",
	year = "2008"
}

@article{etsion2009,
	author = "Etsion, I. and Sher, E.",
	journal = TRIBINT,
	keywords = {minor},
	pages = "542-547",
	title = {{Improving fuel efficiency with laser surface textured piston rings}},
	volume = "42",
	year = "2009"
}

@article{tomanik2013,
	author = "Tomanik, E.",
	journal = TRIBINT,
	pages = "90-96",
	title = {{Modelling the hydrodynamic support of cylinder bore and piston rings with laser textured surfaces}},
	volume = "59",
	year = "2013"
}
